<?xml version="1.0" encoding="UTF-8"?><collection xmlns="http://www.loc.gov/MARC21/slim"><record><leader>00413nam--2200145-i-4500</leader><controlfield tag="001">000002305</controlfield><controlfield tag="002">20161230</controlfield><controlfield tag="005">20161230201025</controlfield><controlfield tag="008">060222s1000------------r-----000-0-eng-d</controlfield><datafield ind1=" " ind2=" " tag="080"><subfield code="a">546.17</subfield></datafield><datafield ind1=" " ind2=" " tag="245"><subfield code="a">The chemistry of the nitro and nitrosco groups</subfield></datafield><datafield ind1=" " ind2=" " tag="260"><subfield code="a">New York, Interscience Publishers, 1969., 1970. Xii + 447 P</subfield></datafield><datafield ind1=" " ind2=" " tag="490"><subfield code="a">The Chemistry Of Functional Groups</subfield></datafield><datafield ind1=" " ind2=" " tag="700"><subfield code="a">Feuer, Henry</subfield></datafield><datafield ind1=" " ind2=" " tag="852"><subfield code="a">33178</subfield></datafield></record></collection>